
@ARTICLE{brics,
  author = {M. Klotzbücher, H. Bruyninckx, N. Hochgeschwender, G. Kraetzschmar, L. Gherardi, D. Brugali},
  title = {The BRICS Component Model: A Model-Based Development Paradigm For Complex Robotics Software Systems}
}

@ARTICLE{marconi,
	author = {R. Naldi M. Furci R. G. Sanfelice L. Marconi},
	title = {Global Trajectory Tracking for Underactuated VTOL Aerial Vehicles using a Cascade Control Paradigm}
	
}

@article{bib:rodriguez,
	author = {M.D. Shuster},
	title = {A survey of attitude representation},
	journaltitle = {The Journal of the astronautical sciences},
	date = {1993-12},
	volume = {41},
	number = {4},
	pages = {439–517},
}

@online{bib:rtlinux,
	title = {Real-Time Linux Wiki},
	date = {2016-12-12},
	url = {https://rt.wiki.kernel.org/index.php/Main_Page},
}

@online{bib:orocos,
	title = {The Orocos Project},
	date = {2016-12-12},
	url = {http://www.orocos.org},
}

@online{bib:orocos,
	title = {The Orocos Project},
	date = {2016-12-12},
	url = {http://www.orocos.org},
}

@online{bib:cgroupsman,
	title = {cgroups man page},
	date = {2016-12-12},
	url = {http://man7.org/linux/man-pages/man7/cgroups.7.html},
}

@online{bib:wikiahrs,
	title = {Attitude and heading reference system},
	date = {2016-12-12},
	url = {https://en.wikipedia.org/wiki/Attitude_and_heading_reference_system},
}

@online{bib:ahrsproduct,
	title = {Hardkernel myAHRS+ product informations},
	date = {2016-12-12},
	url = {http://www.hardkernel.com/},
}

@online{bib:git:ubx,
	title = {UBX git repository},
	date = {2016-12-12},
	url = {https://github.com/UbxTeam/microblx},
}


@online{bib:git:pullreq,
	title = {Author pull request to the UBX team},
	date = {2016-12-12},
	url = {https://github.com/UbxTeam/microblx/pull/5},
}

@online{bib:luaffi,
	title = {FFI Library},
	date = {2016-12-12},
	url = {http://luajit.org/ext_ffi.html},
}

@online{bib:armadillo,
	title = {Armadillo C++ linear algebra library},
	date = {2016-12-12},
	url = {http://arma.sourceforge.net/},
}

@online{bib:wiki:kalmann,
	title = {Wikipedia Kalman filter page},
	date = {2016-12-12},
	url = {https://en.wikipedia.org/wiki/Kalman_filter},
}


@online{bib:ZMQ,
	title = {ZMQ Library},
	date = {2016-12-12},
	url = {http://zeromq.org/intro:read-the-manual},
}


@ARTICLE{knuth,
	author = {Knuth, Donald E.},
	title = {{B}ig {O}micron and {B}ig {O}mega and {B}ig {T}heta},
	journal = {SIGACT News},
	year = {1976},
	volume = {8},
	pages = {18--24},
	number = {2},
	address = {New York, NY, USA},
	publisher = {ACM Press}
}


@online{bib:quat,
	title = {Wikipedia "Quaternion" page},
	date = {2016-12-12},
	url = {https://en.wikipedia.org/wiki/Quaternion},
}

@online{bib:rotquat,
	title = {Wikipedia "Quaternions and spatial rotation" page},
	date = {2016-12-12},
	url = {https://en.wikipedia.org/wiki/Quaternions_and_spatial_rotation},
}
